@ARTICLE{Gill,
   author    = "Shahian DM, Blackstone EH, Edwards FH",
   title     = "Cardiac surgery risk models: a position article",
   journal   = "Ann Thorac Surg",
   volume    = 78,
   year      = 2004,
   pages     = "1868â€“77",
}